
<record>
  <controlfield tag="001">1736318</controlfield>
  <datafield tag="024" ind1="7" ind2=" ">
    <subfield code="2">DOI</subfield>
    <subfield code="9">JACoW</subfield>
    <subfield code="a">10.18429/JACoW-eeFACT2018-MOYBA01</subfield>
  </datafield>
  <datafield tag="035" ind1=" " ind2=" ">
    <subfield code="9">INSPIRETeX</subfield>
    <subfield code="a">Shwartz:2019gsj</subfield>
  </datafield>
  <datafield tag="035" ind1=" " ind2=" ">
    <subfield code="9">DESY</subfield>
    <subfield code="z">DA19-kp22bf</subfield>
  </datafield>
  <datafield tag="245" ind1=" " ind2=" ">
    <subfield code="9">JACoW</subfield>
    <subfield code="a">Round Colliding Beams at Vepp-2000 with Extreme Tuneshifts</subfield>
  </datafield>
</record>