
<record>
  <controlfield tag="001">1757163</controlfield>
  <datafield tag="024" ind1="7" ind2=" ">
    <subfield code="2">DOI</subfield>
    <subfield code="9">SISSA</subfield>
    <subfield code="a">10.22323/1.336.0084</subfield>
  </datafield>
  <datafield tag="035" ind1=" " ind2=" ">
    <subfield code="9">INSPIRETeX</subfield>
    <subfield code="a">Korol:2019hly</subfield>
  </datafield>
  <datafield tag="035" ind1=" " ind2=" ">
    <subfield code="9">DESY</subfield>
    <subfield code="z">DA19-kp41ap</subfield>
  </datafield>
  <datafield tag="245" ind1=" " ind2=" ">
    <subfield code="9">SISSA</subfield>
    <subfield code="a">Recent experimental results from the SND detector</subfield>
  </datafield>
</record>